@webpage{cfengine,
  author  = "Mark Burgess",
  title   = "CFEngine: a system configuration engine",
  url     = "http://cfengine.com/markburgess/papers/cfengine\_history.pdf",
  refdate = "2014-01-20"}

@webpage{cmt,
  author  = "Wikipedia",
  title   = "Comparison of open-source configuration management software",
  url     = "http://en.wikipedia.org/wiki/Comparison\_of\_open\_source\_configuration\_management\_software",
  refdate = "2014-01-20"}

@article{puppet,
  author  = "Luke Kanies",
  title   = "Puppet: Next-Generation Configuration Management",
  journal = "USNIX; login",
  volume  = 31,
  number  = 1,
  year    = 2006}

@webpage{ec2,
  author  = "Amazon Web Services, Inc",
  title   = "Release: Amazon EC2 on 2006-08-23",
  url     = "http://aws.amazon.com/releasenotes/Amazon-EC2/353",
  refdate = "2014-01-20"}

@webpage{agile_manifesto,
  author = "Ward Cunningham",
  title  = "アジャイルソフトウェア開発宣言",
  url    = "http://agilemanifesto.org/iso/ja/",
  refdate = "2014-01-20"}

@article{agile_infrastructure,
  author   = "Patrick Debois",
  title    = "Agile infrastructure and operations: how infra-gile are you?",
  journal  = "Agile, 2008. AGILE '08. Conference",
  pages    = "202-207",
  year     = 2009}

@book{test_driven_development,
  author = "Kent Beck",
  title  = "Test Driven Development: By Example",
  publisher = "Addison-Wesley Professional",
  year = 2002}

@book{test_driven_infrastructure_with_chef,
  author = "Stephen Nelson-Smith",
  title = "Test-Driven Infrastructure with Chef, 2nd Edition",
  publisher = "O'Reilly Media",
  year = 2013}

@webpage{chefspec,
  author = "Seth Vargo",
  title = "ChefSpec",
  url = "http://code.sethvargo.com/chefspec/",  
  refdate = "2014-01-20"}

@webpage{rspec-puppet,
  author = "Tim Sharpe",
  title  = "rspec-puppet",
  url    = "http://rspec-puppet.com/",
  refdate = "2014-01-20"}

@webpage{cucumber-chef,
  author = "Stephen Nelson-Smith",
  title  = "Cucumber-Chef",
  url = "http://www.cucumber-chef.org/",
  refdate = "2014-01-20"}

@webpage{minitest-chef-handler,
  author = "David Calavera",
  title  = "minitest-chef-handler",
  url    = "https://github.com/calavera/minitest-chef-handler",
  refdate = "2014-01-20"}

@webpage{test-kitchen,
  author = "Heavy Warter Opertaions, LLC",
  title  = "Test Kitchen",
  url    = "http://kitchen.ci/",
  refdate = "2014-01-20"}

@webpage{rspec-system,
  author = "Ken Barber",
  organization = "Puppet Labs",
  title  = "rspec-system",
  url    = "https://github.com/puppetlabs/rspec-system",
  refdate = "2014-01-20"}

@webpage{rspec,
  author = "RSpec",
  title  = "RSpec",
  url    = "http://rspec.info/",
  refdate = "2014-01-20"}

